<record xmlns="http://www.loc.gov/MARC21/slim" xmlns:xsi="http://www.w3.org/2001/XMLSchema-instance" xsi:schemaLocation="http://www.loc.gov/MARC21/slim http://www.loc.gov/standards/marcxml/schema/MARC21slim.xsd"><leader>01300cz   2200265n  4500</leader><controlfield tag="001">oca01684149 </controlfield><controlfield tag="005">20011218071257.0</controlfield><controlfield tag="008">860806n| acannaabn          |a aaa      </controlfield><datafield ind1=" " ind2=" " tag="010"><subfield code="a">n  86107863 </subfield><subfield code="z">n  86136644 </subfield></datafield><datafield ind1=" " ind2=" " tag="040"><subfield code="a">DLC</subfield><subfield code="c">DLC</subfield><subfield code="d">DLC-R</subfield><subfield code="d">DLC</subfield><subfield code="d">NcD</subfield></datafield><datafield ind1="0" ind2=" " tag="100"><subfield code="a">Marinus,</subfield><subfield code="d">5th cent.</subfield></datafield><datafield ind1="0" ind2=" " tag="400"><subfield code="a">Marinus,</subfield><subfield code="c">of Samaria,</subfield><subfield code="d">5th cent.</subfield></datafield><datafield ind1="0" ind2=" " tag="400"><subfield code="a">Marinos,</subfield><subfield code="d">5th cent.</subfield></datafield><datafield ind1="0" ind2=" " tag="400"><subfield code="a">Marinos,</subfield><subfield code="c">ha-Shomroni,</subfield><subfield code="d">5th cent.</subfield></datafield><datafield ind1="0" ind2=" " tag="400"><subfield code="a">Marino,</subfield><subfield code="c">di Neapoli,</subfield><subfield code="d">5th cent.</subfield></datafield><datafield ind1="0" ind2=" " tag="400"><subfield code="a">Marinus,</subfield><subfield code="c">of Flavia Neapolis</subfield><subfield code="w">nnaa</subfield></datafield><datafield ind1="0" ind2=" " tag="400"><subfield code="a">Marinos,</subfield><subfield code="c">of Neapolis,</subfield><subfield code="d">5th cent.</subfield></datafield><datafield ind1=" " ind2=" " tag="670"><subfield code="a">His The life of Proclus, or, Concerning happiness, 1986:</subfield><subfield code="b">CIP t.p. (Marinus of Samaria) data sheet (5th cent. C.E.)</subfield></datafield><datafield ind1=" " ind2=" " tag="670"><subfield code="a">LC manual cat.</subfield><subfield code="b">(hdg.: Marinus, of Flavia Neapolis; usage: Marinus)</subfield></datafield><datafield ind1=" " ind2=" " tag="670"><subfield code="a">Brit. Lib. gen. cat. to 1975, 1983</subfield><subfield code="b">(Marinus, the philosopher)</subfield></datafield><datafield ind1=" " ind2=" " tag="670"><subfield code="a">Bib. Nat.,</subfield><subfield code="b">v. 106, 1931 (Marinus, le philosophe)</subfield></datafield><datafield ind1=" " ind2=" " tag="670"><subfield code="a">Kleine Pauly,</subfield><subfield code="b">v. 3, 1969 (Marinos; Neoplatonic philosopher; from Sichem (Neapolis) in Samaria; successor to Proclus (ca. 410-485))</subfield></datafield><datafield ind1=" " ind2=" " tag="670"><subfield code="a">Sambursky, S. ProkÌ£los nesÌ&#x81;i ha-AkÌ£ademyah ha-AplatÌ£onit ... 1985 or 1986:</subfield><subfield code="b">t.p. (Marinos ha-Shomroni)</subfield></datafield><datafield ind1=" " ind2=" " tag="670"><subfield code="a">His Vita di Proclo, c1985:</subfield><subfield code="b">t.p. (Marino di Neapoli)</subfield></datafield><datafield ind1=" " ind2=" " tag="670"><subfield code="a">Marinos of Neapolis, the extant works, 1977.</subfield></datafield></record>